@misc{1,
  title = {{Arduino Nano}},
  howpublished = "\url{aliexpress.com/item/Freeshipping-Nano-3-0-controller-compatible-for-arduino-nano-CH340-USB-driver-NO-CABLE/32341832857.html}",
}

@misc{2,
  title = {{HC-12 long-range transceiver}},
  howpublished = "\url{aliexpress.com/item/HC-12-SI4463-wireless-microcontroller-serial-433-long-range-1000M-with-antenna-for-Bluetooth/32369744869.html}",
}

@misc{3,
  title = {{SMA to IPEX Adapter}},
  howpublished = "\url{aliexpress.com/item/Extension-Cord-RF-Connector-RP-SMA-Jack-Male-Pin-to-ufl-IPX-IPEX-Adapter-1-13mm/32672872906.html}",
}

@misc{4,
  title = {{433 MHz Wireless Radio Antenna}},
  howpublished = "\url{aliexpress.com/item/ALLISHOP-433-MHz-GSM-GPRS-Wireless-Radio-Antenna-Omni-50mm-Radio-Antenna-SMA-Male-Right-Angle/32771775321.html}",
}


@misc{5,
  title = {{Micro SD card SPI card reader}},
  howpublished = "\url{aliexpress.com/item/1x-Good-Micro-SD-Storage-Board-TF-Card-Reader-Memory-Shield-Module-SPI-for-arduino/32281952116.html}",
}


@misc{7,
  title = {{GY-63 Atmospheric Height Sensor}},
  howpublished = "\url{aliexpress.com/item/GY-63-MS5611-High-resolution-Atmospheric-Height-Sensor-Module-IIC-SPICommunication-Freeshipping-Dropshipping/32255189410.html}",
}


@misc{8,
  title = {{DS3231 Precision RTC Memory}},
  howpublished = "\url{aliexpress.com/item/DS3231-AT24C32-IIC-High-Precision-RTC-Module-Clock-Timer-Memory-Module-for-Ar-H/1859103686.html}",
}

@misc{9,
  title = {{MAX7219 Dot Led Matrix}},
  howpublished = "\url{aliexpress.com/item/Free-shipping-MAX7219-dot-matrix-module-microcontroller-module-for-arduino-display-module-finished-goods/32305941397.html}",
}

@misc{10,
  title = {{Breadboard Power Supply}},
  howpublished = "\url{aliexpress.com/item/MB102-MB-102-Breadboard-Power-Supply-Module-3-3V-5V-for-Arduino-Board-Diy-Starter-Kit/32314830659.html}",
}








